<record><leader>00000cas a22000007a 4500</leader><controlfield tag="001">18399363</controlfield><controlfield tag="008">880825d19071982okuwr ne      0    0eng d</controlfield><datafield ind1=" " ind2=" " tag="010"><subfield code="a">sn 88084134 </subfield></datafield><datafield ind1=" " ind2=" " tag="040"><subfield code="a">PPM</subfield><subfield code="b">eng</subfield><subfield code="c">PPM</subfield><subfield code="d">OBN</subfield><subfield code="d">OCLCQ</subfield><subfield code="d">OCLCF</subfield><subfield code="d">OCLCO</subfield></datafield><datafield ind1="1" ind2=" " tag="029"><subfield code="a">AU@</subfield><subfield code="b">000020521179</subfield></datafield><datafield ind1=" " ind2=" " tag="042"><subfield code="a">msc</subfield></datafield><datafield ind1=" " ind2=" " tag="043"><subfield code="a">n-us-ok</subfield></datafield><datafield ind1="0" ind2="4" tag="245"><subfield code="a">The McIntosh County democrat.</subfield></datafield><datafield ind1="3" ind2=" " tag="246"><subfield code="a">Democrat</subfield></datafield><datafield ind1="3" ind2=" " tag="246"><subfield code="a">McIntosh County democrat &amp; county news</subfield></datafield><datafield ind1=" " ind2=" " tag="260"><subfield code="a">Checotah, Okla. :</subfield><subfield code="b">Geo. Wetzell &amp; Sons</subfield></datafield><datafield ind1=" " ind2=" " tag="310"><subfield code="a">Weekly</subfield></datafield><datafield ind1="1" ind2=" " tag="362"><subfield code="a">Began in 1907.</subfield></datafield><datafield ind1="0" ind2=" " tag="362"><subfield code="a">-v. 75, no. 40 (Aug. 26, 1982).</subfield></datafield><datafield ind1=" " ind2=" " tag="515"><subfield code="a">Issues for June 11, 1981-Aug. 26, 1982 called also v. 45, no. 28-v. 46, no. 39.</subfield></datafield><datafield ind1=" " ind2=" " tag="588"><subfield code="a">Description based on: Vol. 1, no. 17 (Mar. 5, 1908).</subfield></datafield><datafield ind1=" " ind2="0" tag="651"><subfield code="a">Checotah (Okla.)</subfield><subfield code="v">Newspapers.</subfield></datafield><datafield ind1=" " ind2="0" tag="651"><subfield code="a">McIntosh County (Okla.)</subfield><subfield code="v">Newspapers.</subfield></datafield><datafield ind1=" " ind2="7" tag="655"><subfield code="a">Newspapers.</subfield><subfield code="2">fast</subfield><subfield code="0">(OCoLC)fst01423814</subfield></datafield><datafield ind1=" " ind2="7" tag="651"><subfield code="a">Oklahoma</subfield><subfield code="z">Checotah.</subfield><subfield code="2">fast</subfield><subfield code="0">(OCoLC)fst01253888</subfield></datafield><datafield ind1=" " ind2="7" tag="651"><subfield code="a">Oklahoma</subfield><subfield code="z">McIntosh County.</subfield><subfield code="2">fast</subfield><subfield code="0">(OCoLC)fst01219666</subfield></datafield><datafield ind1=" " ind2=" " tag="752"><subfield code="a">United States</subfield><subfield code="b">Oklahoma</subfield><subfield code="c">McIntosh</subfield><subfield code="d">Checotah.</subfield></datafield><datafield ind1="0" ind2="4" tag="780"><subfield code="t">Checotah news</subfield><subfield code="w">(DLC)sn 96087902</subfield><subfield code="w">(OCoLC)35000367</subfield></datafield><datafield ind1="0" ind2="7" tag="785"><subfield code="t">County news (Warner, Okla.)</subfield></datafield><datafield ind1="0" ind2="7" tag="785"><subfield code="t">McIntosh County democrat &amp; county news</subfield><subfield code="w">(DLC)sn 96087903</subfield><subfield code="w">(OCoLC)35000508</subfield></datafield></record>